@article{RRL,
author = {Li, Xiujun and Li, Lihong and Gao, Jianfeng and He, Xiaodong and Chen, Jianshu and Deng, li and He, Ji},
year = {2015},
month = {09},
title = {Recurrent Reinforcement Learning: A Hybrid Approach}
}

@misc{MIT:DL,
    author = {Alexander Amini, Ava Soleimany},
    title = {6S191 - Introduction to Deep Learning},
    Institution = {MIT},
    howpublished = {\url{http://introtodeeplearning.com}},
    year = {2022}
}

@misc{Q-learning,
	title = {{Epsilon-Greedy Q-learning}},
	journal = {Baeldung on Computer Science},
	year = {2021},
	month = {Jan},
	note = {[Online; accessed 16. Mar. 2022]},
	howpublished = {\url{https://www.baeldung.com/cs/epsilon-greedy-q-learning}}
}

@misc{neuron,
	title = {Activation Functions {$\vert$} Fundamentals Of Deep Learning},
	journal = {Analytics Vidhya},
	year = {2020},
	month = {Jul},
	note = {[Online; accessed 16. Mar. 2022]},
	howpublished = {\url{https://www.analyticsvidhya.com/blog/2020/01/fundamentals-deep-learning-activation-functions-when-to-use-them}}
}

@misc{nnsvg,
	author = {alexlenail},
	title = {NN-SVG},
	journal = {GitHub},
	year = {2022},
	month = {Mar},
	note = {[Online; accessed 19. Mar. 2022]},
	howpublished = {\url{https://github.com/alexlenail/NN-SVG}}
}


@phdthesis{boeckx,
  author       = {Cmdt Ir Koen BOECKX}, 
  title        = {Developing Strategies with Reinforcement Learning},
  school       = {Royal Military Academy},
  year         = {2020},
  note = {\url{https://github.com/koenboeckx/VKHO}}
}


@article{abal,
    title = {Effect of the firing position on aiming error and probability of hit},
    journal = {Defence Technology},
    volume = {15},
    number = {5},
    pages = {713-720},
    year = {2019},
    issn = {2214-9147},
    note = {\url{https://www.sciencedirect.com/science/article/pii/S2214914719301965}},
    author = {D. Corriveau and C.A. Rabbath and A. Goudreau}
}

@article{adam,
	author = {Kingma, Diederik P. and Ba, Jimmy},
	title = {Adam: A Method for Stochastic Optimization},
	journal = {arXiv},
	year = {2014},
	month = {Dec},
	note = {\url{https://arxiv.org/abs/1412.6980}}
}

@article{momentum,
	author = {Musstafa},
	title = {Optimizers in Deep Learning - MLearning.ai - Medium},
	journal = {Medium},
	year = {2022},
	month = {Feb},
	publisher = {MLearning.ai},
	note = {\url{https://medium.com/mlearning-ai/optimizers-in-deep-learning-7bf81fed78a0}}
}